@article{sto,
title	= "Self-Consistent Molecular-Orbital Methods. I. Use of Gaussian Expansions of Slater-Type Atomic Orbitals",
Author	= "W. J. Hehre; R. F. Stewart and J. A. Pople",
doi	= "https://doi.org/10.1063/1.1672392",
publisher="J. Chem. Phys. 51",
year	= "1969"}

@article{geschk,
title	= "Sn2 Reactions in the Gas Phase. Temperature Dependence of the Rate Constants and Energies of the Transition States.",
author	= "Gary Caldwell, Tom F. Magnera, and Paul Kebarle*",
year	= "1983"}

@article{cc,
title	= "Gaussian basis sets for use in correlated molecular calculations. VI. Sextuple zeta correlation consistent basis sets for boron through neon",
author	= "Angela K. Wilson; Tanja van Mourik; Thom H. Dunning Jr.",
year	= "1996",
publisher="Elsevier"}
